@incollection{paige2017changing,
  title={The Changing Face of Model-Driven Engineering},
  author={Paige, Richard F and Zolotas, Athanasios and Kolovos, Dimitris},
  booktitle={Present and Ulterior Software Engineering},
  pages={103-118},
  year={2017},
  publisher={Springer}
}
@INPROCEEDINGS{metamodel_sync,
    author = {Gruschko, Boris and Kolovos, Dimitris S and Paige, Richard F.},
    title = {Towards synchronizing models with evolving metamodels},
    booktitle = {Int. Workshop on Model-Driven Software Evolution held with the ECSMR},
    year = {2007}
}
@article{evolving_models,
title = "Evolving models in Model-Driven Engineering: State-of-the-art and future challenges",
journal = "Journal of Systems and Software",
volume = "111",
number = "Supplement C",
pages = "272 - 280",
year = "2016",
issn = "0164-1212",
doi = "https://doi.org/10.1016/j.jss.2015.08.047",
url = "http://www.sciencedirect.com/science/article/pii/S0164121215001909",
author = "Richard F. Paige and Nicholas Matragkas and Louis M. Rose",
keywords = "Evolution, Migration, Co-evolution"
}
@article{industry_review,
title = "Model-driven engineering practices in industry: Social, organizational and managerial factors that lead to success or failure",
journal = "Science of Computer Programming",
volume = "89",
number = "Part B",
pages = "144 - 161",
year = "2014",
note = "Special issue on Success Stories in Model Driven Engineering",
issn = "0167-6423",
doi = "https://doi.org/10.1016/j.scico.2013.03.017",
url = "http://www.sciencedirect.com/science/article/pii/S0167642313000786",
author = "John Hutchinson and Jon Whittle and Mark Rouncefield",
keywords = "Model driven engineering, Empirical software engineering, Industry practice"
}

@book{csapp,
title={Computer Systems: A Programmer's Perspective},
author={Bryant, Randal E. and O'Hallaron, David R.},
year={2011},
publisher={Prentice Hall},
edition={2}
}

@book{mdse_in_practice,
title={Model-Driven Software Engineering in Practice},
author={Brambilla, Marco and Cabot, Jordi and Wimmer, Manuel},
year={2012},
publisher={Morgan \& Claypool}
}

@book{martin2002agile,
title={Agile software development: principles, patterns, and practices},
author={Martin, Robert C},
year={2002},
publisher={Prentice Hall}
}

@book{epsilon_book,
  title={The Epsilon Book},
  author={Kolovos, Dimitris and Rose, Louis and García-Domínguez, Antonio and Paige, Richard},
  year={2017},
  month={Nov.},
  day={30},
  url={https://www.eclipse.org/epsilon/doc/book/},
  urldate={Dec. 17, 2017}
}

@electronic{emfatic_lang, 
title={Emfatic Language Reference}, 
author={Chris Daly},
url={https://www.eclipse.org/epsilon/doc/articles/emfatic/},
year={2014},
urldate={Dec. 17, 2017}
}

@electronic{mongo-emf,
  title={mongo-emf Wiki},
  author={Bryan Hunt},
  url={https://github.com/BryanHunt/mongo-emf/wiki},
  year={2014},
  month={Apr},
  urldate={Dec. 14, 2017}
}
@electronic{emf_store,
  title={EMFStore},
  url={https://www.eclipse.org/emfstore/},
  urldate={Nov. 17, 2017}
}

@electronic{containment_faq,
title={Epsilon and EMF},
url={https://www.eclipse.org/epsilon/doc/articles/epsilon-emf/},
urldate={Nov. 24, 2017}
}

@electronic{opposite_discussion_1,
title={Having a reference specify itself for the EOpposite},
year={2013},
month={Feb},
url={https://www.eclipse.org/forums/index.php/mv/msg/457531/1015089/},
urldate={Dec. 27, 2017}
}
@electronic{opposite_discussion_2,
title={EOpposite relation to self},
url={https://www.eclipse.org/forums/index.php/t/392802/},
year={2012},
month={Oct},
urldate={Dec. 27, 2017}
}